
@article{chung2021,
	title = {Effectiveness of BNT162b2 and mRNA-1273 covid-19 vaccines against symptomatic SARS-CoV-2 infection and severe covid-19 outcomes in Ontario, Canada: test negative design study},
	author = {Chung, Hannah and He, Siyi and Nasreen, Sharifa and Sundaram, Maria E and Buchan, Sarah A and Wilson, Sarah E and Chen, Branson and Calzavara, Andrew and Fell, Deshayne B and Austin, Peter C and Wilson, Kumanan and Schwartz, Kevin L and Brown, Kevin A and Gubbay, Jonathan B and Basta, Nicole E and Mahmud, Salaheddin M and Righolt, Christiaan H and Svenson, Lawrence W and MacDonald, Shannon E and Janjua, Naveed Z and Tadrous, Mina and Kwong, Jeffrey C},
	year = {2021},
	month = {08},
	date = {2021-08-20},
	journal = {BMJ},
	pages = {n1943},
	doi = {10.1136/bmj.n1943},
	url = {http://dx.doi.org/10.1136/bmj.n1943},
	langid = {en}
}

@article{kostoulas2021,
	title = {Diagnostic Accuracy Estimates for COVID-19 Real-Time Polymerase Chain Reaction and Lateral Flow Immunoassay Tests With Bayesian Latent-Class Models},
	author = {Kostoulas, Polychronis and Eusebi, Paolo and Hartnack, Sonja},
	year = {2021},
	month = {03},
	date = {2021-03-31},
	journal = {American Journal of Epidemiology},
	pages = {1689--1695},
	volume = {190},
	number = {8},
	doi = {10.1093/aje/kwab093},
	url = {http://dx.doi.org/10.1093/aje/kwab093},
	langid = {en}
}

@article{stærk-østergaard2022,
	title = {Evaluation of diagnostic test procedures for SARS{-}CoV{-}2 using latent class models},
	author = {{Stærk{-}Østergaard}, Jacob and Kirkeby, Carsten and Christiansen, Lasse E. and Andersen, Michael A. and {Møller}, Camilla H. and Voldstedlund, Marianne and Denwood, Matthew J.},
	year = {2022},
	month = {06},
	date = {2022-06-23},
	journal = {Journal of Medical Virology},
	pages = {4754--4761},
	volume = {94},
	number = {10},
	doi = {10.1002/jmv.27943},
	url = {http://dx.doi.org/10.1002/jmv.27943},
	langid = {en}
}

@misc{eusebi2022,
	title = {Addressing Misclassification Bias in Vaccine Effectiveness Studies with an Application to Covid-19},
	author = {Eusebi, Paolo and Speybroeck, Nico and Hartnack, Sonja and {Staerk-Østergaard}, Jacob and Denwood, Matthew D. and Kostoulas, Polychronis},
	year = {2022},
	month = {07},
	date = {2022-07-01},
	url = {http://dx.doi.org/10.21203/rs.3.rs-1799561/v1}
}

@article{cappelleri2021,
	title = {Addressing Bias in Responder Analysis of Patient-Reported Outcomes},
	author = {Cappelleri, Joseph C. and Chambers, Richard},
	year = {2021},
	month = {05},
	date = {2021-05-27},
	journal = {Therapeutic Innovation & Regulatory Science},
	pages = {989--1000},
	volume = {55},
	number = {5},
	doi = {10.1007/s43441-021-00298-5},
	url = {http://dx.doi.org/10.1007/s43441-021-00298-5},
	langid = {en}
}
